@article{Salvador-Enrique-Puliafito:2008aa,
	Author = {Salvador Enrique Puliafito, Jos{\'e} Luis Puliafito, Mariana Conte Grand},
	Date-Added = {2018-05-01 11:16:34 +0000},
	Date-Modified = {2018-05-01 11:17:59 +0000},
	Journal = {Ecological Economics},
	Pages = {602-615},
	Title = {Modeling population dynamics and economic growth as competing species: An application to CO2 global emissions},
	Volume = {65},
	Year = {2008}}

